<?xml version = "1.0" encoding = "UTF-8"?><OAI-PMH xmlns="http://www.openarchives.org/OAI/2.0/" xmlns:xsi="http://www.w3.org/2001/XMLSchema-instance" xsi:schemaLocation="http://www.openarchives.org/OAI/2.0/ http://www.openarchives.org/OAI/2.0/OAI-PMH.xsd"><ListRecords><record><header><identifier>aleph-publish:037878410</identifier></header><metadata><record xmlns="http://www.ddb.de/professionell/mabxml/mabxml-1.xsd"><leader>00000cM2.01200024------u</leader><controlfield tag="LDR">00000cM2.01200024------u</controlfield><controlfield tag="FMT">MU</controlfield><datafield tag="001" ind1="-" ind2="1"><subfield code="a">HT021692747</subfield></datafield><datafield tag="001" ind1="-" ind2="2"><subfield code="a">HT021692642</subfield></datafield><datafield tag="002" ind1="a" ind2="1"><subfield code="a">20230113</subfield></datafield><datafield tag="002" ind1="a" ind2="2"><subfield code="a">20230113</subfield></datafield><datafield tag="010" ind1="-" ind2="1"><subfield code="a">HT021692642</subfield></datafield><datafield tag="020" ind1="b" ind2="2"><subfield code="a">BV014020727</subfield></datafield><datafield tag="025" ind1="o" ind2="1"><subfield code="a">163175852</subfield></datafield><datafield tag="026" ind1="a" ind2="1"><subfield code="a">gbv_33764683X</subfield></datafield><datafield tag="026" ind1="k" ind2="1"><subfield code="a">33764683X</subfield></datafield><datafield tag="026" ind1="-" ind2="1"><subfield code="a">GBV33764683X</subfield></datafield><datafield tag="026" ind1="g" ind2="2"><subfield code="a">140207279</subfield></datafield><datafield tag="026" ind1="-" ind2="2"><subfield code="a">BVBBV014020727</subfield></datafield><controlfield tag="030">a||u|||||||||</controlfield><datafield tag="036" ind1="a" ind2="1"><subfield code="a">XD-US</subfield><subfield code="a">XA-GB</subfield><subfield code="a">XA-DE</subfield></datafield><datafield tag="036" ind1="a" ind2="2"><subfield code="a">US</subfield></datafield><datafield tag="037" ind1="b" ind2="1"><subfield code="a">eng</subfield></datafield><datafield tag="037" ind1="b" ind2="2"><subfield code="a">eng</subfield></datafield><controlfield tag="050">a|a|||||||||||</controlfield><controlfield tag="051">m|||||||</controlfield><datafield tag="060" ind1="-" ind2="1"><subfield code="b">txt</subfield><subfield code="a">Text</subfield></datafield><datafield tag="060" ind1="-" ind2="2"><subfield code="b">txt</subfield><subfield code="a">Text</subfield></datafield><datafield tag="061" ind1="-" ind2="1"><subfield code="b">n</subfield><subfield code="a">ohne Hilfsmittel zu benutzen</subfield></datafield><datafield tag="061" ind1="-" ind2="2"><subfield code="b">n</subfield><subfield code="a">ohne Hilfsmittel zu benutzen</subfield></datafield><datafield tag="062" ind1="-" ind2="1"><subfield code="b">nc</subfield><subfield code="a">Band</subfield></datafield><datafield tag="062" ind1="-" ind2="2"><subfield code="b">nc</subfield><subfield code="a">Band</subfield></datafield><datafield tag="070" ind1="-" ind2="1"><subfield code="a">38/205</subfield></datafield><datafield tag="070" ind1="-" ind2="2"><subfield code="a">38/205</subfield></datafield><datafield tag="080" ind1="-" ind2="1"><subfield code="a">50</subfield></datafield><datafield tag="080" ind1="-" ind2="2"><subfield code="a">50</subfield></datafield><controlfield tag="089">Vol. 4, Schools &amp; crime - Wiretapping &amp; eavesdropping</controlfield><datafield tag="090" ind1="-" ind2="1"><subfield code="a">4</subfield></datafield><datafield tag="100" ind1="b" ind2="1"><subfield code="a">Dressler, Joshua</subfield></datafield><datafield tag="100" ind1="b" ind2="2"><subfield code="p">Dressler, Joshua</subfield><subfield code="d">1947-</subfield><subfield code="9">(DE-588)129185787</subfield></datafield><datafield tag="331" ind1="-" ind2="1"><subfield code="a">Schools &amp; crime - Wiretapping &amp; eavesdropping</subfield></datafield><datafield tag="331" ind1="-" ind2="2"><subfield code="a">Encyclopedia of crime &amp; justice</subfield></datafield><datafield tag="359" ind1="-" ind2="2"><subfield code="a">Joshua Dressler, ed. in chief</subfield></datafield><datafield tag="370" ind1="a" ind2="2"><subfield code="a">Crime &amp; justice</subfield></datafield><datafield tag="370" ind1="a" ind2="2"><subfield code="a">Crime and justice</subfield></datafield><datafield tag="370" ind1="a" ind2="2"><subfield code="a">Encyclopedia of crime and justice</subfield></datafield><datafield tag="403" ind1="-" ind2="1"><subfield code="a">2. ed</subfield></datafield><datafield tag="419" ind1="-" ind2="1"><subfield code="a">New York [u.a.]</subfield><subfield code="b">Macmillan Reference USA</subfield><subfield code="c">2002</subfield></datafield><datafield tag="419" ind1="-" ind2="2"><subfield code="a">New York [u.a.]</subfield><subfield code="b">Macmillan Reference USA</subfield></datafield><datafield tag="425" ind1="a" ind2="1"><subfield code="a">2002</subfield></datafield><datafield tag="433" ind1="-" ind2="1"><subfield code="a">S. 1365 - 1780</subfield></datafield><datafield tag="434" ind1="-" ind2="1"><subfield code="a">graph. Darst.</subfield></datafield><datafield tag="540" ind1="a" ind2="1"><subfield code="a">0-02-865323-8</subfield><subfield code="b">v. 4 : alk. paper</subfield></datafield><datafield tag="540" ind1="a" ind2="2"><subfield code="a">0-02-865323-8</subfield></datafield><datafield tag="596" ind1="-" ind2="1"><subfield code="a">Vol. 4</subfield></datafield><datafield tag="700" ind1="f" ind2="1"><subfield code="a">86.41</subfield></datafield><datafield tag="700" ind1="f" ind2="1"><subfield code="a">71.35</subfield></datafield><datafield tag="902" ind1="-" ind2="1"><subfield code="s">Schule</subfield><subfield code="9">(DE-588)4053474-1</subfield></datafield><datafield tag="902" ind1="-" ind2="1"><subfield code="s">Kriminalität</subfield><subfield code="9">(DE-588)4033178-7</subfield></datafield><datafield tag="902" ind1="-" ind2="1"><subfield code="s">Lauschangriff</subfield><subfield code="9">(DE-588)4369430-5</subfield></datafield><datafield tag="902" ind1="-" ind2="2"><subfield code="g">USA</subfield><subfield code="9">(DE-588)4078704-7</subfield></datafield><datafield tag="902" ind1="-" ind2="2"><subfield code="s">Kriminologie</subfield><subfield code="9">(DE-588)4033197-0</subfield></datafield><datafield tag="902" ind1="-" ind2="2"><subfield code="s">Wörterbuch</subfield><subfield code="9">(DE-588)4066724-8</subfield></datafield><datafield tag="903" ind1="-" ind2="2"><subfield code="a">213</subfield></datafield><datafield tag="907" ind1="-" ind2="2"><subfield code="g">USA</subfield><subfield code="9">(DE-588)4078704-7</subfield></datafield><datafield tag="907" ind1="-" ind2="2"><subfield code="s">Strafrecht</subfield><subfield code="9">(DE-588)4057795-8</subfield></datafield><datafield tag="907" ind1="-" ind2="2"><subfield code="s">Wörterbuch</subfield><subfield code="9">(DE-588)4066724-8</subfield></datafield><datafield tag="908" ind1="-" ind2="2"><subfield code="a">213</subfield></datafield><controlfield tag="SYS">037878410</controlfield><datafield tag="LOW" ind1="-" ind2="1"><subfield code="a">K1053</subfield></datafield><datafield tag="952" ind1="-" ind2="1"><subfield code="s">Schulwesen</subfield></datafield><datafield tag="952" ind1="-" ind2="1"><subfield code="s">Schulform</subfield></datafield><datafield tag="952" ind1="-" ind2="1"><subfield code="s">Schulart</subfield></datafield><datafield tag="952" ind1="-" ind2="1"><subfield code="s">Schulsystem</subfield></datafield><datafield tag="952" ind1="-" ind2="1"><subfield code="s">Schulen</subfield></datafield><datafield tag="952" ind1="-" ind2="1"><subfield code="s">Delinquenz</subfield></datafield><datafield tag="952" ind1="-" ind2="1"><subfield code="s">Kriminelles Verhalten</subfield></datafield><datafield tag="952" ind1="-" ind2="1"><subfield code="s">Straffälligkeit</subfield></datafield><datafield tag="952" ind1="-" ind2="1"><subfield code="s">Akustische Überwachung</subfield></datafield><datafield tag="952" ind1="-" ind2="1"><subfield code="s">Geheimes Abhören</subfield></datafield><datafield tag="952" ind1="-" ind2="1"><subfield code="s">Abhöraffäre</subfield></datafield><datafield tag="952" ind1="-" ind2="2"><subfield code="g">United States of America</subfield></datafield><datafield tag="952" ind1="-" ind2="2"><subfield code="g">Vereinigte Staaten von Amerika</subfield></datafield><datafield tag="952" ind1="-" ind2="2"><subfield code="g">Nordamerika</subfield><subfield code="h">USA</subfield></datafield><datafield tag="952" ind1="-" ind2="2"><subfield code="g">Amerika</subfield><subfield code="h">USA</subfield></datafield><datafield tag="952" ind1="-" ind2="2"><subfield code="g">United States</subfield></datafield><datafield tag="952" ind1="-" ind2="2"><subfield code="g">United States of America</subfield></datafield><datafield tag="952" ind1="-" ind2="2"><subfield code="g">Etats Unis</subfield></datafield><datafield tag="952" ind1="-" ind2="2"><subfield code="g">Etats-Unis</subfield></datafield><datafield tag="952" ind1="-" ind2="2"><subfield code="g">Vereinigte Staaten</subfield></datafield><datafield tag="952" ind1="-" ind2="2"><subfield code="g">Estados Unidos de America</subfield></datafield><datafield tag="952" ind1="-" ind2="2"><subfield code="g">EEUU</subfield></datafield><datafield tag="952" ind1="-" ind2="2"><subfield code="g">Vereinigte Staaten von Nordamerika</subfield></datafield><datafield tag="952" ind1="-" ind2="2"><subfield code="g">Soedinennye Štaty Ameriki</subfield></datafield><datafield tag="952" ind1="-" ind2="2"><subfield code="g">SŠA</subfield></datafield><datafield tag="952" ind1="-" ind2="2"><subfield code="g">Stany Zjednoczone Ameryki Północnej</subfield></datafield><datafield tag="952" ind1="-" ind2="2"><subfield code="g">Hēnōmenai Politeiai tēs Boreiu Amerikēs</subfield></datafield><datafield tag="952" ind1="-" ind2="2"><subfield code="g">Hēnōmenes Politeies tēs Amerikēs</subfield></datafield><datafield tag="952" ind1="-" ind2="2"><subfield code="g">HēPA</subfield></datafield><datafield tag="952" ind1="-" ind2="2"><subfield code="g">Ēnōmenes Politeies tēs Amerikēs</subfield></datafield><datafield tag="952" ind1="-" ind2="2"><subfield code="g">ĒPA</subfield></datafield><datafield tag="952" ind1="-" ind2="2"><subfield code="g">Meiguo</subfield></datafield><datafield tag="952" ind1="-" ind2="2"><subfield code="g">Etats-Unis d&apos;Amérique</subfield></datafield><datafield tag="952" ind1="-" ind2="2"><subfield code="g">US</subfield></datafield><datafield tag="952" ind1="-" ind2="2"><subfield code="s">Kriminalwissenschaft</subfield></datafield><datafield tag="952" ind1="-" ind2="2"><subfield code="s">Reallexikon</subfield><subfield code="h">Formbegriff</subfield></datafield><datafield tag="952" ind1="-" ind2="2"><subfield code="s">Sachwörterbuch</subfield><subfield code="h">Formbegrif</subfield></datafield><datafield tag="952" ind1="-" ind2="2"><subfield code="s">Sprachwörterbuch</subfield></datafield><datafield tag="952" ind1="-" ind2="2"><subfield code="s">Vokabular</subfield><subfield code="h">Wörterbuch</subfield></datafield><datafield tag="952" ind1="-" ind2="2"><subfield code="s">Vokabularium</subfield></datafield><datafield tag="952" ind1="-" ind2="2"><subfield code="s">Wörterbücher</subfield></datafield><datafield tag="952" ind1="-" ind2="2"><subfield code="s">Dictionary</subfield></datafield><datafield tag="957" ind1="-" ind2="2"><subfield code="g">United States of America</subfield></datafield><datafield tag="957" ind1="-" ind2="2"><subfield code="g">Vereinigte Staaten von Amerika</subfield></datafield><datafield tag="957" ind1="-" ind2="2"><subfield code="g">Nordamerika</subfield><subfield code="h">USA</subfield></datafield><datafield tag="957" ind1="-" ind2="2"><subfield code="g">Amerika</subfield><subfield code="h">USA</subfield></datafield><datafield tag="957" ind1="-" ind2="2"><subfield code="g">United States</subfield></datafield><datafield tag="957" ind1="-" ind2="2"><subfield code="g">United States of America</subfield></datafield><datafield tag="957" ind1="-" ind2="2"><subfield code="g">Etats Unis</subfield></datafield><datafield tag="957" ind1="-" ind2="2"><subfield code="g">Etats-Unis</subfield></datafield><datafield tag="957" ind1="-" ind2="2"><subfield code="g">Vereinigte Staaten</subfield></datafield><datafield tag="957" ind1="-" ind2="2"><subfield code="g">Estados Unidos de America</subfield></datafield><datafield tag="957" ind1="-" ind2="2"><subfield code="g">EEUU</subfield></datafield><datafield tag="957" ind1="-" ind2="2"><subfield code="g">Vereinigte Staaten von Nordamerika</subfield></datafield><datafield tag="957" ind1="-" ind2="2"><subfield code="g">Soedinennye Štaty Ameriki</subfield></datafield><datafield tag="957" ind1="-" ind2="2"><subfield code="g">SŠA</subfield></datafield><datafield tag="957" ind1="-" ind2="2"><subfield code="g">Stany Zjednoczone Ameryki Północnej</subfield></datafield><datafield tag="957" ind1="-" ind2="2"><subfield code="g">Hēnōmenai Politeiai tēs Boreiu Amerikēs</subfield></datafield><datafield tag="957" ind1="-" ind2="2"><subfield code="g">Hēnōmenes Politeies tēs Amerikēs</subfield></datafield><datafield tag="957" ind1="-" ind2="2"><subfield code="g">HēPA</subfield></datafield><datafield tag="957" ind1="-" ind2="2"><subfield code="g">Ēnōmenes Politeies tēs Amerikēs</subfield></datafield><datafield tag="957" ind1="-" ind2="2"><subfield code="g">ĒPA</subfield></datafield><datafield tag="957" ind1="-" ind2="2"><subfield code="g">Meiguo</subfield></datafield><datafield tag="957" ind1="-" ind2="2"><subfield code="g">Etats-Unis d&apos;Amérique</subfield></datafield><datafield tag="957" ind1="-" ind2="2"><subfield code="g">US</subfield></datafield><datafield tag="957" ind1="-" ind2="2"><subfield code="s">Kriminalrecht</subfield></datafield><datafield tag="957" ind1="-" ind2="2"><subfield code="s">Peinliches Recht</subfield></datafield><datafield tag="957" ind1="-" ind2="2"><subfield code="s">Reallexikon</subfield><subfield code="h">Formbegriff</subfield></datafield><datafield tag="957" ind1="-" ind2="2"><subfield code="s">Sachwörterbuch</subfield><subfield code="h">Formbegrif</subfield></datafield><datafield tag="957" ind1="-" ind2="2"><subfield code="s">Sprachwörterbuch</subfield></datafield><datafield tag="957" ind1="-" ind2="2"><subfield code="s">Vokabular</subfield><subfield code="h">Wörterbuch</subfield></datafield><datafield tag="957" ind1="-" ind2="2"><subfield code="s">Vokabularium</subfield></datafield><datafield tag="957" ind1="-" ind2="2"><subfield code="s">Wörterbücher</subfield></datafield><datafield tag="957" ind1="-" ind2="2"><subfield code="s">Dictionary</subfield></datafield><datafield tag="088" ind1=" " ind2=" "><subfield code="a">38/205</subfield><subfield code="b">00205001</subfield><subfield code="c">205/Fa56+2-4</subfield><subfield code="e">keine ILL</subfield></datafield></record></metadata></record></ListRecords></OAI-PMH>